@inproceedings{ren2015towards,
  title={Towards discovering and understanding task hijacking in android},
  author={Ren, Chuangang and Zhang, Yulong and Xue, Hui and Wei, Tao and Liu, Peng},
  booktitle={24th USENIX Security Symposium (USENIX Security 15)},
  pages={945--959},
  year={2015}
}

@article{octeau2013epicc,
  title={Effective inter-component communication mapping in android with epicc: An essential step towards holistic security analysis},
  author={Octeau, Damien and McDaniel, Patrick and Jha, Somesh and Bartel, Alexandre and Bodden, Eric and Klein, Jacques and Le Traon, Yves},
  journal={Effective Inter-Component Communication Mapping in Android with Epicc: An Essential Step Towards Holistic Security Analysis},
  year={2013}
}

@inproceedings{akhawe2014clickjacking,
  title={Clickjacking revisited: a perceptual view of UI security},
  author={Akhawe, Devdatta and He, Warren and Li, Zhiwei and Moazzezi, Reza and Song, Dawn},
  booktitle={8th USENIX Workshop on Offensive Technologies (WOOT 14)},
  year={2014}
}

@inproceedings{huang2012clickjacking,
  title={Clickjacking: attacks and defenses},
  author={Huang, Lin-Shung and Moshchuk, Alex and Wang, Helen J and Schecter, Stuart and Jackson, Collin},
  booktitle={Presented as part of the 21st USENIX Security Symposium (USENIX Security 12)},
  pages={413--428},
  year={2012}
}

@inproceedings{roesner2013securing,
  title={Securing Embedded User Interfaces: Android and Beyond.},
  author={Roesner, Franziska and Kohno, Tadayoshi},
  booktitle={USENIX Security},
  pages={97--112},
  year={2013}
}

@inproceedings{miluzzo2012tapprints,
  title={Tapprints: your finger taps have fingerprints},
  author={Miluzzo, Emiliano and Varshavsky, Alexander and Balakrishnan, Suhrid and Choudhury, Romit Roy},
  booktitle={Proceedings of the 10th international conference on Mobile systems, applications, and services},
  pages={323--336},
  year={2012},
  organization={ACM}
}

@article{mylonas2013smartphone,
  title={Smartphone sensor data as digital evidence},
  author={Mylonas, Alexios and Meletiadis, Vasilis and Mitrou, Lilian and Gritzalis, Dimitris},
  journal={Computers \& Security},
  volume={38},
  pages={51--75},
  year={2013},
  publisher={Elsevier}
}

@inproceedings{xu2012taplogger,
  title={Taplogger: Inferring user inputs on smartphone touchscreens using on-board motion sensors},
  author={Xu, Zhi and Bai, Kun and Zhu, Sencun},
  booktitle={Proceedings of the fifth ACM conference on Security and Privacy in Wireless and Mobile Networks},
  pages={113--124},
  year={2012},
  organization={ACM}
}

@inproceedings{jana2012memento,
  title={Memento: Learning secrets from process footprints},
  author={Jana, Suman and Shmatikov, Vitaly},
  booktitle={Security and Privacy (SP), 2012 IEEE Symposium on},
  pages={143--157},
  year={2012},
  organization={IEEE}
}

@inproceedings{jiang2013detecting,
  title={Detecting passive content leaks and pollution in android applications},
  author={Jiang, Yajin Zhou Xuxian},
  booktitle={Proceedings of the 20th Network and Distributed System Security Symposium (NDSS)},
  year={2013}
}

@article{fang2014permission,
  title={Permission based android security: Issues and countermeasures},
  author={Fang, Zheran and Han, Weili and Li, Yingjiu},
  journal={computers \& security},
  volume={43},
  pages={205--218},
  year={2014},
  publisher={Elsevier}
}

@inproceedings{lin2014screenmilker,
  title={Screenmilker: How to Milk Your Android Screen for Secrets.},
  author={Lin, Chia-Chi and Li, Hongyang and Zhou, Xiao-yong and Wang, XiaoFeng},
  booktitle={NDSS},
  year={2014}
}

@inproceedings{bugiel2012towards,
  title={Towards Taming Privilege-Escalation Attacks on Android.},
  author={Bugiel, Sven and Davi, Lucas and Dmitrienko, Alexandra and Fischer, Thomas and Sadeghi, Ahmad-Reza and Shastry, Bhargava},
  booktitle={NDSS},
  year={2012}
}

@inproceedings{xing2014upgrading,
  title={Upgrading your android, elevating my malware: Privilege escalation through mobile os updating},
  author={Xing, Luyi and Pan, Xiaorui and Wang, Rui and Yuan, Kan and Wang, XiaoFeng},
  booktitle={Security and Privacy (SP), 2014 IEEE Symposium on},
  pages={393--408},
  year={2014},
  organization={IEEE}
}



@incollection{armando2012dos,
  title={Would you mind forking this process? A denial of service attack on Android (and some countermeasures)},
  author={Armando, Alessandro and Merlo, Alessio and Migliardi, Mauro and Verderame, Luca},
  booktitle={Information Security and Privacy Research},
  pages={13--24},
  year={2012},
  publisher={Springer}
}

@article{enck2014taintdroid,
  title={TaintDroid: an information-flow tracking system for realtime privacy monitoring on smartphones},
  author={Enck, William and Gilbert, Peter and Han, Seungyeop and Tendulkar, Vasant and Chun, Byung-Gon and Cox, Landon P and Jung, Jaeyeon and McDaniel, Patrick and Sheth, Anmol N},
  journal={ACM Transactions on Computer Systems (TOCS)},
  volume={32},
  number={2},
  pages={5},
  year={2014},
  publisher={ACM}
}

@inproceedings{au2012pscout,
  title={Pscout: analyzing the android permission specification},
  author={Au, Kathy Wain Yee and Zhou, Yi Fan and Huang, Zhen and Lie, David},
  booktitle={Proceedings of the 2012 ACM conference on Computer and communications security},
  pages={217--228},
  year={2012},
  organization={ACM}
}

@inproceedings{zhang2016life,
  title={Life after App Uninstallation: Are the Data Still Alive? Data Residue Attacks on Android},
  author={Zhang, Xiao and Ying, Kailiang and Aafer, Yousra and Qiu, Zhenshen and Du, Wenliang},
  booktitle={NDSS},
  year={2016},
}


@inproceedings{soteris2016free,
  title={Free for All! Assessing User Data Exposure to Advertising Libraries on Android},
  author={Soteris, Demetriou and Whitney, Merrill and Wei, Yang and Aston, Zhang and Carl, A.Gunter},
  booktitle={NDSS},
  year={2016},
}

@inproceedings{sooel2016mob_ads,
  title={What Mobile Ads Know About Mobile Users},
  author={Sooel, Son and Daehyeok, Kim and Vitaly, Shmatikov},
  booktitle={NDSS},
  year={2016},
}

@article{rasthofer2016harvesting,
  title={Harvesting Runtime Values in Android Applications That Feature Anti-Analysis Techniques},
  author={Rasthofer, Siegfried and Arzt, Steven and Miltenberger, Marc and Bodden, Eric},
  booktitle={NDSS},
  year={2016}
}

@inproceedings{felt2011android,
  title={Android permissions demystified},
  author={Felt, Adrienne Porter and Chin, Erika and Hanna, Steve and Song, Dawn and Wagner, David},
  booktitle={Proceedings of the 18th ACM conference on Computer and communications security},
  pages={627--638},
  year={2011},
  organization={ACM}
}

@inproceedings{bianchi2015app,
  title={What the app is that? deception and countermeasures in the android user interface},
  author={Bianchi, Antonio and Corbetta, Jacopo and Invernizzi, Luca and Fratantonio, Yanick and Kruegel, Christopher and Vigna, Giovanni},
  booktitle={Security and Privacy (SP), 2015 IEEE Symposium on},
  pages={931--948},
  year={2015},
  organization={IEEE}
}

@inproceedings{chen2014peeking,
  title={Peeking into your app without actually seeing it: Ui state inference and novel android attacks},
  author={Chen, Qi Alfred and Qian, Zhiyun and Mao, Z Morley},
  booktitle={23rd USENIX Security Symposium (USENIX Security 14)},
  pages={1037--1052},
  year={2014}
}

@inproceedings{zhou2013identity,
  title={Identity, location, disease and more: Inferring your secrets from android public resources},
  author={Zhou, Xiaoyong and Demetriou, Soteris and He, Dongjing and Naveed, Muhammad and Pan, Xiaorui and Wang, XiaoFeng and Gunter, Carl A and Nahrstedt, Klara},
  booktitle={Proceedings of the 2013 ACM SIGSAC conference on Computer \& communications security},
  pages={1017--1028},
  year={2013},
  organization={ACM}
}

	
@inproceedings{zhang2014appsealer,
  title={AppSealer: Automatic Generation of Vulnerability-Specific Patches for Preventing Component Hijacking Attacks in Android Applications.},
  author={Zhang, Mu and Yin, Heng},
  booktitle={NDSS},
  year={2014}
}



@inproceedings{bhoraskar2014brahmastra,
  title={Brahmastra: Driving apps to test the security of third-party components},
  author={Bhoraskar, Ravi and Han, Seungyeop and Jeon, Jinseong and Azim, Tanzirul and Chen, Shuo and Jung, Jaeyeon and Nath, Suman and Wang, Rui and Wetherall, David},
  booktitle={23rd USENIX Security Symposium (USENIX Security 14)},
  pages={1021--1036},
  year={2014}
}

@incollection{luo2012touchjacking,
  title={Touchjacking attacks on web in android, ios, and windows phone},
  author={Luo, Tongbo and Jin, Xing and Ananthanarayanan, Ajai and Du, Wenliang},
  booktitle={Foundations and Practice of Security},
  pages={227--243},
  year={2012},
  publisher={Springer}
}

@inproceedings{arzt2014flowdroid,
  title={Flowdroid: Precise context, flow, field, object-sensitive and lifecycle-aware taint analysis for android apps},
  author={Arzt, Steven and Rasthofer, Siegfried and Fritz, Christian and Bodden, Eric and Bartel, Alexandre and Klein, Jacques and Le Traon, Yves and Octeau, Damien and McDaniel, Patrick},
  booktitle={ACM SIGPLAN Notices},
  volume={49},
  pages={259--269},
  year={2014},
  organization={ACM}
}

@inproceedings{gordon2015DroidSafe,
  title={Information Flow Analysis of Android Applications in DroidSafe.},
  author={Gordon, Michael I and Kim, Deokhwan and Perkins, Jeff H and Gilham, Limei and Nguyen, Nguyen and Rinard, Martin C},
  booktitle={NDSS},
  year={2015}
}

@inproceedings{pandita2013whyper,
  title={WHYPER: Towards Automating Risk Assessment of Mobile Applications.},
  author={Pandita, Rahul and Xiao, Xusheng and Yang, Wei and Enck, William and Xie, Tao},
  booktitle={USENIX Security},
  volume={13},
  year={2013}
}

@misc{desnos2013androguard,
  title={Androguard: Reverse engineering, malware and goodware analysis of android applications... and more (ninja!)},
  author={Desnos, Anthony},
  journal={2013-03-26]. http://code, google, com/p/androguard}
}

@inproceedings{yang2015static,
  title={Static control-flow analysis of user-driven callbacks in Android applications},
  author={Yang, Shengqian and Yan, Dacong and Wu, Haowei and Wang, Yan and Rountev, Atanas},
  booktitle={Proceedings of the 37th International Conference on Software Engineering-Volume 1},
  pages={89--99},
  year={2015},
  organization={IEEE Press}
}

@inproceedings{wei2014amandroid,
  title={Amandroid: A precise and general inter-component data flow analysis framework for security vetting of android apps},
  author={Wei, Fengguo and Roy, Sankardas and Ou, Xinming and others},
  booktitle={Proceedings of the 2014 ACM SIGSAC Conference on Computer and Communications Security},
  pages={1329--1341},
  year={2014},
  organization={ACM}
}

@inproceedings{kang2011dta++,
  title={DTA++: Dynamic Taint Analysis with Targeted Control-Flow Propagation.},
  author={Kang, Min Gyung and McCamant, Stephen and Poosankam, Pongsin and Song, Dawn},
  booktitle={NDSS},
  year={2011}
}

@inproceedings{cox2014spandex,
  title={Spandex: Secure password tracking for android},
  author={Cox, Landon P and Gilbert, Peter and Lawler, Geoffrey and Pistol, Valentin and Razeen, Ali and Wu, Bi and Cheemalapati, Sai},
  booktitle={23rd USENIX Security Symposium (USENIX Security 14)},
  pages={481--494},
  year={2014}
}

@inproceedings{lu2012chex,
  title={Chex: statically vetting android apps for component hijacking vulnerabilities},
  author={Lu, Long and Li, Zhichun and Wu, Zhenyu and Lee, Wenke and Jiang, Guofei},
  booktitle={Proceedings of the 2012 ACM conference on Computer and communications security},
  pages={229--240},
  year={2012},
  organization={ACM}
}

@inproceedings{li2015iccta,
  title={IccTA: Detecting inter-component privacy leaks in Android apps},
  author={Li, Li and Bartel, Alexandre and Bissyand{\'e}, Tegawend{\'e} F and Klein, Jacques and Le Traon, Yves and Arzt, Steven and Rasthofer, Siegfried and Bodden, Eric and Octeau, Damien and McDaniel, Patrick},
  booktitle={Proceedings of the 37th International Conference on Software Engineering-Volume 1},
  pages={280--291},
  year={2015},
  organization={IEEE Press}
}

@inproceedings{zhang2014semantics,
  title={Semantics-aware Android malware classification using weighted contextual API dependency graphs},
  author={Zhang, Mu and Duan, Yue and Yin, Heng and Zhao, Zhiruo},
  booktitle={Proceedings of the 2014 ACM SIGSAC Conference on Computer and Communications Security},
  pages={1105--1116},
  year={2014},
  organization={ACM}
}

@inproceedings{cao2015edgeminer,
  title={EdgeMiner: Automatically Detecting Implicit Control Flow Transitions through the Android Framework.},
  author={Cao, Yinzhi and Fratantonio, Yanick and Bianchi, Antonio and Egele, Manuel and Kruegel, Christopher and Vigna, Giovanni and Chen, Yan},
  booktitle={NDSS},
  year={2015}
}

@inproceedings{yang2013appintent,
  title={Appintent: Analyzing sensitive data transmission in android for privacy leakage detection},
  author={Yang, Zhemin and Yang, Min and Zhang, Yuan and Gu, Guofei and Ning, Peng and Wang, X Sean},
  booktitle={Proceedings of the 2013 ACM SIGSAC conference on Computer \& communications security},
  pages={1043--1054},
  year={2013},
  organization={ACM}
}

@inproceedings{kim2014fepma,
  title={FEPMA: Fine-grained event-driven power meter for android smartphones based on device driver layer event monitoring},
  author={Kim, Kitae and Shin, Donghwa and Xie, Qing and Wang, Yanzhi and Pedram, Massoud and Chang, Naehyuck},
  booktitle={Proceedings of the conference on Design, Automation \& Test in Europe},
  pages={367},
  year={2014},
  organization={European Design and Automation Association}
}

@inproceedings{chen2013contextual,
  title={Contextual Policy Enforcement in Android Applications with Permission Event Graphs.},
  author={Chen, Kevin Zhijie and Johnson, Noah M and D'Silva, Vijay and Dai, Shuaifu and MacNamara, Kyle and Magrino, Thomas R and Wu, Edward XueJun and Rinard, Martin and Song, Dawn Xiaodong},
  booktitle={NDSS},
  year={2013}
}

@inproceedings{jensen2013automated,
  title={Automated testing with targeted event sequence generation},
  author={Jensen, Casper S and Prasad, Mukul R and M{\o}ller, Anders},
  booktitle={Proceedings of the 2013 International Symposium on Software Testing and Analysis},
  pages={67--77},
  year={2013},
  organization={ACM}
}


@inproceedings{machiry2013dynodroid,
  title={Dynodroid: An input generation system for Android apps},
  author={Machiry, Aravind and Tahiliani, Rohan and Naik, Mayur},
  booktitle={Proceedings of the 2013 9th Joint Meeting on Foundations of Software Engineering},
  pages={224--234},
  year={2013},
  organization={ACM}
}

@inproceedings{zhang2013vetting,
  title={Vetting undesirable behaviors in android apps with permission use analysis},
  author={Zhang, Yuan and Yang, Min and Xu, Bingquan and Yang, Zhemin and Gu, Guofei and Ning, Peng and Wang, X Sean and Zang, Binyu},
  booktitle={Proceedings of the 2013 ACM SIGSAC conference on Computer \& communications security},
  pages={611--622},
  year={2013},
  organization={ACM}
}

@inproceedings{klieber2014android,
  title={Android taint flow analysis for app sets},
  author={Klieber, William and Flynn, Lori and Bhosale, Amar and Jia, Limin and Bauer, Lujo},
  booktitle={Proceedings of the 3rd ACM SIGPLAN International Workshop on the State of the Art in Java Program Analysis},
  pages={1--6},
  year={2014},
  organization={ACM}
}

@inproceedings{poeplau2014execute,
  title={Execute This! Analyzing Unsafe and Malicious Dynamic Code Loading in Android Applications.},
  author={Poeplau, Sebastian and Fratantonio, Yanick and Bianchi, Antonio and Kruegel, Christopher and Vigna, Giovanni},
  booktitle={NDSS},
  volume={14},
  pages={23--26},
  year={2014}
}

@inproceedings{rastogi2013appsplayground,
  title={AppsPlayground: automatic security analysis of smartphone applications},
  author={Rastogi, Vaibhav and Chen, Yan and Enck, William},
  booktitle={Proceedings of the third ACM conference on Data and application security and privacy},
  pages={209--220},
  year={2013},
  organization={ACM}
}

@inproceedings{hsiao2014race,
  title={Race detection for event-driven mobile applications},
  author={Hsiao, Chun-Hung and Yu, Jie and Narayanasamy, Satish and Kong, Ziyun and Pereira, Cristiano L and Pokam, Gilles A and Chen, Peter M and Flinn, Jason},
  booktitle={ACM SIGPLAN Notices},
  volume={49},
  pages={326--336},
  year={2014},
  organization={ACM}
}









